%Singularity
@misc{kurtzer_2016_60736,
  author       = {Kurtzer, Gregory M.},
  title        = {{Singularity 2.1.2 - Linux application and 
                   environment containers for science}},
  month        = aug,
  year         = 2016,
  doi          = {10.5281/zenodo.60736},
  url          = {https://doi.org/10.5281/zenodo.60736}
}

%Shifter
@article{jacobsen2015contain,
  title={Contain this, unleashing docker for hpc},
  author={Jacobsen, Douglas M and Canon, Richard Shane},
  journal={Proceedings of the Cray User Group},
  year={2015}
}

%Charliecloud
@techreport{priedhorsky2016charliecloud,
  title={Charliecloud: Unprivileged containers for user-defined software stacks in HPC},
  author={Priedhorsky, Reid and Randles, Tim},
  year={2016},
  institution={Los Alamos National Laboratory (LANL)}
}



%AWS Container Service
@misc{awscontainer,
    title = {AWS Container Service},
    howpublished = {Available on-line at: \url{https://aws.amazon.com/ecs/}}
}

%Packer
@misc{packer,
	title = {Packer},
	howpublished = {Available on-line at: \url{https://www.packer.io/}}
}

%Docker
@misc{Docker,
	title = {Docker},
         howpublished = {Available on-line at: \url{https://www.docker.com/}}
}

%IOR
@misc{IOR,
	title = {IOR Benchmark},
        howpublished = {Available on-line at: \url{http://www.nersc.gov/users/computational-systems/cori/nersc-8-procurement/trinity-nersc-8-rfp/nersc-8-trinity-benchmarks/ior/}}
}

%virtio
@article{russell2008virtio,
  title={virtio: towards a de-facto standard for virtual I/O devices},
  author={Russell, Rusty},
  journal={ACM SIGOPS Operating Systems Review},
  volume={42},
  number={5},
  pages={95--103},
  year={2008},
  publisher={ACM}
}

%vpic-1
@inproceedings{bowers20080,
  title={0.374 Pflop/s trillion-particle kinetic modeling of laser plasma interaction on Roadrunner},
  author={Bowers, Kevin J and Albright, Brian J and Bergen, Benjamin and Yin, Lin and Barker, Kevin J and Kerbyson, Darren J},
  booktitle={Proceedings of the 2008 ACM/IEEE conference on Supercomputing},
  pages={63},
  year={2008},
  organization={IEEE Press}
}

%vpic-2
@article{bowers2008ultrahigh,
  title={Ultrahigh performance three-dimensional electromagnetic relativistic kinetic plasma simulation a},
  author={Bowers, Kevin J and Albright, BJ and Yin, L and Bergen, B and Kwan, TJT},
  journal={Physics of Plasmas},
  volume={15},
  number={5},
  pages={055703},
  year={2008},
  publisher={AIP}
}

%vpic-3
@inproceedings{bowers2009advances,
  title={Advances in petascale kinetic plasma simulation with VPIC and Roadrunner},
  author={Bowers, Kevin J and Albright, Brian J and Yin, Lin and Daughton, W and Roytershteyn, Vadim and Bergen, Ben and Kwan, TJT},
  booktitle={Journal of Physics: Conference Series},
  volume={180},
  number={1},
  pages={012055},
  year={2009},
  organization={IOP Publishing}
}
